@book{ BB21459576,
  author    = "オープンCAE学会",
  title     = "OpenFOAMによる熱移動と流れの数値解析",
  publisher = "森北出版",
  year      = "2016",
  URL       = "http://ci.nii.ac.jp/ncid/BB21459576",
  note      = "\href{http://ci.nii.ac.jp/ncid/BB21459576}{http://ci.nii.ac.jp/ncid/BB21459576}, (accessed 2018-09-14)"
}
@misc{SIST02-200,
  title     = "科学技術情報流通技術基準 参照文献の書き方 {SIST} 02-2007",
  author    = "独立行政法人科学技術振興機構",
  year      = "2007",
  note      = "\href{http://jipsti.jst.go.jp/sist/pdf/SIST02-2007.pdf}{http://jipsti.jst.go.jp/sist/pdf/SIST02-2007.pdf}, (accessed 2015-09-29)"
}
@article{Nishi:OpenCAE2018-001,
  author    = "剛伺,西  and 雅,今野",
  title     = "熱伝導問題に関する{OpenFOAM}の固体・流体熱連成定常解析ソルバの妥当性確認",
  journal   = "オープンCAE学会論文集",
  year      = "2018",
  volume    = "1",
  number    = "1",
  note      = "OpenCAE2018-001, \href{http://www.opencae.or.jp/wp-content/uploads/2018/02/OpenCAE2018_001.pdf}{http://www.opencae.or.jp/wp-content/uploads/2018/02/OpenCAE2018\_001.pdf}, (accessed 2018-09-14)"
}