@book{ BB21459576,
  author    = "オープンCAE学会",
  title     = "OpenFOAMによる熱移動と流れの数値解析",
  publisher = "森北出版",
  year      = "2016",
  URL       = "http://ci.nii.ac.jp/ncid/BB21459576",
  note      = "URL: \href{http://ci.nii.ac.jp/ncid/BB21459576}{http://ci.nii.ac.jp/ncid/BB21459576}"
}
